@article{Turing1936,
  title={On computable numbers, with an application to the Ent\-scheidungsproblem},
  author={Turing, Alan},
  journal={Proceedings of the London Mathematical Society},
  volume={42},
  pages={230--265},
  year={1936--7}
}

@book{Tao2006,
  title={Analysis},
  author={Tao, Terence},
  volume={1},
  year={2006},
  publisher={Hindustan Book Agency}
}
